<?xml version="1.0" encoding="UTF-8"?>
<marc:record xmlns:marc="http://www.loc.gov/MARC21/slim" xmlns:xsi="http://www.w3.org/2001/XMLSchema-instance" xsi:schemaLocation="http://www.loc.gov/standards/marcxml/schema/MARC21slim.xsd">
  <marc:leader>00000ndm a2200000 u 4500</marc:leader>
  <marc:controlfield tag="001">1001035910</marc:controlfield>
  <marc:controlfield tag="003">DE-633</marc:controlfield>
  <marc:controlfield tag="005">20210627223319.0</marc:controlfield>
  <marc:datafield tag="031" ind1=" " ind2=" ">
    <marc:subfield code="a">1</marc:subfield>
    <marc:subfield code="b">1</marc:subfield>
    <marc:subfield code="c">1</marc:subfield>
    <marc:subfield code="d">Sinfonia. All[egr]o</marc:subfield>
    <marc:subfield code="g">G-2</marc:subfield>
    <marc:subfield code="m">vl 1</marc:subfield>
    <marc:subfield code="n">xFC</marc:subfield>
    <marc:subfield code="o">2/4</marc:subfield>
    <marc:subfield code="p">4'''D^''F^'D{8.6''FG}/q8G2A/4'''D^''F^'D{8.6''FG}/q8G2A/q8A4G{8.6EF}/q8F2G/4G{8.6EF}/q8F2G/</marc:subfield>
    <marc:subfield code="r">D</marc:subfield>
    <marc:subfield code="2">pe</marc:subfield>
  </marc:datafield>
  <marc:datafield tag="031" ind1=" " ind2=" ">
    <marc:subfield code="a">1</marc:subfield>
    <marc:subfield code="b">2</marc:subfield>
    <marc:subfield code="c">1</marc:subfield>
    <marc:subfield code="d">Adagio</marc:subfield>
    <marc:subfield code="g">C-1</marc:subfield>
    <marc:subfield code="m">S</marc:subfield>
    <marc:subfield code="n">xFC</marc:subfield>
    <marc:subfield code="o">c</marc:subfield>
    <marc:subfield code="p">4.''F8F4F-/2F4xGG/2D4CC/'B''DC'B/B''DC'B/</marc:subfield>
    <marc:subfield code="q">+</marc:subfield>
    <marc:subfield code="r">D</marc:subfield>
    <marc:subfield code="t">Kyrie, eleison Christe eleison Kyrie eleison</marc:subfield>
    <marc:subfield code="2">pe</marc:subfield>
  </marc:datafield>
  <marc:datafield tag="031" ind1=" " ind2=" ">
    <marc:subfield code="a">1</marc:subfield>
    <marc:subfield code="b">2</marc:subfield>
    <marc:subfield code="c">2</marc:subfield>
    <marc:subfield code="d">Adagio</marc:subfield>
    <marc:subfield code="g">G-2</marc:subfield>
    <marc:subfield code="m">vl 1</marc:subfield>
    <marc:subfield code="n">xFC</marc:subfield>
    <marc:subfield code="o">c</marc:subfield>
    <marc:subfield code="p">4.''F8F4F-/4.F8A4xGG/BDCC/'B''Dq8D4C'B/i/</marc:subfield>
    <marc:subfield code="r">D</marc:subfield>
    <marc:subfield code="2">pe</marc:subfield>
  </marc:datafield>
  <marc:datafield tag="031" ind1=" " ind2=" ">
    <marc:subfield code="a">1</marc:subfield>
    <marc:subfield code="b">3</marc:subfield>
    <marc:subfield code="c">1</marc:subfield>
    <marc:subfield code="d">All[egr]o</marc:subfield>
    <marc:subfield code="g">C-1</marc:subfield>
    <marc:subfield code="m">S</marc:subfield>
    <marc:subfield code="n">xFC</marc:subfield>
    <marc:subfield code="o">3/4</marc:subfield>
    <marc:subfield code="p">8.''F6F4F8EE/4FF8EE/4F8F{FG}F/EE4E8EE/{8GF}4G8EE/</marc:subfield>
    <marc:subfield code="r">D</marc:subfield>
    <marc:subfield code="t">Gloria, in excelsis Deo et in terra pax</marc:subfield>
    <marc:subfield code="2">pe</marc:subfield>
  </marc:datafield>
  <marc:datafield tag="031" ind1=" " ind2=" ">
    <marc:subfield code="a">1</marc:subfield>
    <marc:subfield code="b">3</marc:subfield>
    <marc:subfield code="c">2</marc:subfield>
    <marc:subfield code="d">All[egr]o</marc:subfield>
    <marc:subfield code="g">G-2</marc:subfield>
    <marc:subfield code="m">vl 1</marc:subfield>
    <marc:subfield code="n">xFC</marc:subfield>
    <marc:subfield code="o">3/4</marc:subfield>
    <marc:subfield code="p">{8.6''FF}{8F'''D}{6C''BAG}/{8FED'''D}{6C''BAG}/{8FEDA}{6GFED}/{8C'BA''ECE}/</marc:subfield>
    <marc:subfield code="r">D</marc:subfield>
    <marc:subfield code="2">pe</marc:subfield>
  </marc:datafield>
  <marc:datafield tag="031" ind1=" " ind2=" ">
    <marc:subfield code="a">1</marc:subfield>
    <marc:subfield code="b">4</marc:subfield>
    <marc:subfield code="c">1</marc:subfield>
    <marc:subfield code="d">All[egr]o</marc:subfield>
    <marc:subfield code="g">C-1</marc:subfield>
    <marc:subfield code="m">S</marc:subfield>
    <marc:subfield code="n">xFC</marc:subfield>
    <marc:subfield code="o">2/4</marc:subfield>
    <marc:subfield code="p">4''FF/D8EF/4GF/FF/D8EF/4GF/F8GF/4EE/</marc:subfield>
    <marc:subfield code="r">D</marc:subfield>
    <marc:subfield code="t">Credo, in unum Deum patrem omnipotentem</marc:subfield>
    <marc:subfield code="2">pe</marc:subfield>
  </marc:datafield>
  <marc:datafield tag="031" ind1=" " ind2=" ">
    <marc:subfield code="a">1</marc:subfield>
    <marc:subfield code="b">4</marc:subfield>
    <marc:subfield code="c">2</marc:subfield>
    <marc:subfield code="d">All[egr]o</marc:subfield>
    <marc:subfield code="g">G-2</marc:subfield>
    <marc:subfield code="m">vl 1</marc:subfield>
    <marc:subfield code="n">xFC</marc:subfield>
    <marc:subfield code="o">2/4</marc:subfield>
    <marc:subfield code="p">4''F^'A^D''F^'A^D/4''D{8.6EF}/8qF4GF/F^'A^D''F^'A^D/4''F{8.6GA}/4BA/{8A6'''DC}{''BAGF}/</marc:subfield>
    <marc:subfield code="r">D</marc:subfield>
    <marc:subfield code="2">pe</marc:subfield>
  </marc:datafield>
  <marc:datafield tag="031" ind1=" " ind2=" ">
    <marc:subfield code="a">1</marc:subfield>
    <marc:subfield code="b">5</marc:subfield>
    <marc:subfield code="c">1</marc:subfield>
    <marc:subfield code="d">Adagio</marc:subfield>
    <marc:subfield code="g">C-1</marc:subfield>
    <marc:subfield code="m">S</marc:subfield>
    <marc:subfield code="n">xFC</marc:subfield>
    <marc:subfield code="o">c</marc:subfield>
    <marc:subfield code="p">2''F(F)/xG(G)/4D8DD4CC/EEF8FF/4GG8FF4E/</marc:subfield>
    <marc:subfield code="r">D</marc:subfield>
    <marc:subfield code="t">Sanctus, Dominus Deus Sabaoth</marc:subfield>
    <marc:subfield code="2">pe</marc:subfield>
  </marc:datafield>
  <marc:datafield tag="031" ind1=" " ind2=" ">
    <marc:subfield code="a">1</marc:subfield>
    <marc:subfield code="b">5</marc:subfield>
    <marc:subfield code="c">2</marc:subfield>
    <marc:subfield code="d">Adagio</marc:subfield>
    <marc:subfield code="g">G-2</marc:subfield>
    <marc:subfield code="m">vl 1</marc:subfield>
    <marc:subfield code="n">xFC</marc:subfield>
    <marc:subfield code="o">c</marc:subfield>
    <marc:subfield code="p">2''F(F)/xG(G)/{6BDCD}{BDCD}8qD4CC/8-''E-E-F-F/</marc:subfield>
    <marc:subfield code="r">D</marc:subfield>
    <marc:subfield code="2">pe</marc:subfield>
  </marc:datafield>
  <marc:datafield tag="031" ind1=" " ind2=" ">
    <marc:subfield code="a">1</marc:subfield>
    <marc:subfield code="b">6</marc:subfield>
    <marc:subfield code="c">1</marc:subfield>
    <marc:subfield code="d">Adagio</marc:subfield>
    <marc:subfield code="g">C-1</marc:subfield>
    <marc:subfield code="m">S</marc:subfield>
    <marc:subfield code="n">xFC</marc:subfield>
    <marc:subfield code="o">c</marc:subfield>
    <marc:subfield code="p">4'AA''D8qD4C/EEE8qE4D/D{8'A''nC}4C'B/BAA8GG/4G{8F''D}4DtC/</marc:subfield>
    <marc:subfield code="r">D</marc:subfield>
    <marc:subfield code="t">Agnus Dei, qui tollis peccata mundi miserere nobis</marc:subfield>
    <marc:subfield code="2">pe</marc:subfield>
  </marc:datafield>
  <marc:datafield tag="031" ind1=" " ind2=" ">
    <marc:subfield code="a">1</marc:subfield>
    <marc:subfield code="b">6</marc:subfield>
    <marc:subfield code="c">2</marc:subfield>
    <marc:subfield code="d">Adagio</marc:subfield>
    <marc:subfield code="g">G-2</marc:subfield>
    <marc:subfield code="m">vl 1</marc:subfield>
    <marc:subfield code="n">xFC</marc:subfield>
    <marc:subfield code="o">6/8</marc:subfield>
    <marc:subfield code="p">{6'DFA''D}{FAFD}4D8qD4C/{6,A'CEG}{''CE'G''G}4G8qG4F/{6DFA'''D}{''AFD'''nC}4C{6''BDBB}/</marc:subfield>
    <marc:subfield code="r">D</marc:subfield>
    <marc:subfield code="2">pe</marc:subfield>
  </marc:datafield>
  <marc:datafield tag="040" ind1=" " ind2=" ">
    <marc:subfield code="a">DE-633</marc:subfield>
    <marc:subfield code="b">eng</marc:subfield>
  </marc:datafield>
  <marc:datafield tag="041" ind1="0" ind2=" ">
    <marc:subfield code="a">lat</marc:subfield>
  </marc:datafield>
  <marc:datafield tag="100" ind1="1" ind2=" ">
    <marc:subfield code="a">Luna, Georgius</marc:subfield>
    <marc:subfield code="j">Conjectural</marc:subfield>
    <marc:subfield code="0">pe41010079</marc:subfield>
  </marc:datafield>
  <marc:datafield tag="240" ind1="1" ind2="0">
    <marc:subfield code="a">Mass</marc:subfield>
    <marc:subfield code="r">D</marc:subfield>
    <marc:subfield code="0">5211939</marc:subfield>
  </marc:datafield>
  <marc:datafield tag="245" ind1="1" ind2="0">
    <marc:subfield code="a">[without title]</marc:subfield>
  </marc:datafield>
  <marc:datafield tag="260" ind1=" " ind2=" ">
    <marc:subfield code="c">1750-1799</marc:subfield>
    <marc:subfield code="8">01</marc:subfield>
  </marc:datafield>
  <marc:datafield tag="300" ind1=" " ind2=" ">
    <marc:subfield code="a">9 parts</marc:subfield>
    <marc:subfield code="c">32 x 20 cm</marc:subfield>
    <marc:subfield code="8">01</marc:subfield>
  </marc:datafield>
  <marc:datafield tag="500" ind1=" " ind2=" ">
    <marc:subfield code="a">Additional cor 2 and clno 1 parts (32,5 x 20,5 cm) from another Mass in G.</marc:subfield>
    <marc:subfield code="8">01</marc:subfield>
  </marc:datafield>
  <marc:datafield tag="500" ind1=" " ind2=" ">
    <marc:subfield code="a">Inscription "Ad MDG gray dobrze [play well]" at the end of vl 2.</marc:subfield>
  </marc:datafield>
  <marc:datafield tag="500" ind1=" " ind2=" ">
    <marc:subfield code="a">Conjectural composer postulated on the basis of the inventory of repertoire of Kolegiata NMP in Sandomierz (1793; PL-SAk AKKKS 239 II).</marc:subfield>
  </marc:datafield>
  <marc:datafield tag="590" ind1=" " ind2=" ">
    <marc:subfield code="a">S, T, B</marc:subfield>
    <marc:subfield code="b">4, 4, 3 f.</marc:subfield>
    <marc:subfield code="8">01</marc:subfield>
  </marc:datafield>
  <marc:datafield tag="590" ind1=" " ind2=" ">
    <marc:subfield code="a">vl 1, 2</marc:subfield>
    <marc:subfield code="b">4, 4 f.</marc:subfield>
    <marc:subfield code="8">01</marc:subfield>
  </marc:datafield>
  <marc:datafield tag="590" ind1=" " ind2=" ">
    <marc:subfield code="a">fl traverso</marc:subfield>
    <marc:subfield code="b">1 f.</marc:subfield>
    <marc:subfield code="8">01</marc:subfield>
  </marc:datafield>
  <marc:datafield tag="590" ind1=" " ind2=" ">
    <marc:subfield code="a">tr 1, 2</marc:subfield>
    <marc:subfield code="b">2, 2 f.</marc:subfield>
    <marc:subfield code="8">01</marc:subfield>
  </marc:datafield>
  <marc:datafield tag="590" ind1=" " ind2=" ">
    <marc:subfield code="a">b (= bc)</marc:subfield>
    <marc:subfield code="b">4 f.</marc:subfield>
    <marc:subfield code="8">01</marc:subfield>
  </marc:datafield>
  <marc:datafield tag="593" ind1=" " ind2=" ">
    <marc:subfield code="a">Manuscript copy</marc:subfield>
    <marc:subfield code="8">01</marc:subfield>
  </marc:datafield>
  <marc:datafield tag="594" ind1=" " ind2=" ">
    <marc:subfield code="b">no indication</marc:subfield>
  </marc:datafield>
  <marc:datafield tag="594" ind1=" " ind2=" ">
    <marc:subfield code="a">no indication</marc:subfield>
  </marc:datafield>
  <marc:datafield tag="599" ind1=" " ind2=" ">
    <marc:subfield code="b">full</marc:subfield>
  </marc:datafield>
  <marc:datafield tag="650" ind1="0" ind2="7">
    <marc:subfield code="a">Masses</marc:subfield>
    <marc:subfield code="0">25133</marc:subfield>
  </marc:datafield>
  <marc:datafield tag="691" ind1=" " ind2="7">
    <marc:subfield code="a">ŚwierczekK 1965</marc:subfield>
    <marc:subfield code="n">p. 263</marc:subfield>
    <marc:subfield code="0">lit1891</marc:subfield>
  </marc:datafield>
  <marc:datafield tag="852" ind1=" " ind2=" ">
    <marc:subfield code="a">PL-SA</marc:subfield>
    <marc:subfield code="e">Biblioteka Diecezjalna w Sandomierzu</marc:subfield>
    <marc:subfield code="x">ks30003584</marc:subfield>
    <marc:subfield code="c">189/A V 19</marc:subfield>
    <marc:subfield code="p"/>
    <marc:subfield code="q"/>
    <marc:subfield code="u"/>
    <marc:subfield code="z"/>
  </marc:datafield>
  <marc:datafield tag="980" ind1=" " ind2=" ">
    <marc:subfield code="a">RISM</marc:subfield>
    <marc:subfield code="c">examined</marc:subfield>
  </marc:datafield>
</marc:record>
